@misc{notes,
	author = {Bigi, Giancarlo and Frangioni, Antonio, and Gallo, Giorgio and Pallottino, Stefano and Sculett√†, Maria Grazia},
	title = {Appunti di Ricerca Operativa},
	date = {2024},
	url = {https://commalab.di.unipi.it/wp-content/uploads/2024/05/v1.0.0-240424.pdf},
}

@Inbook{Delahaye2019,
	author={Delahaye, Daniel and Chaimatanan, Supatcha and Mongeau, Marcel},
	editor={Gendreau, Michel and Potvin, Jean-Yves},
	title={Simulated Annealing: From Basics to Applications},
	bookTitle={Handbook of Metaheuristics},
	year={2019},
	publisher={Springer International Publishing},
	address={Cham},
	pages={1--35},
	isbn={978-3-319-91086-4},
	doi={10.1007/978-3-319-91086-4_1},
	url={https://doi.org/10.1007/978-3-319-91086-4_1}
}